1111111111111111111111111111111111111111111111111111111111111
2222222222222222222222222222222222222222222222222222222222222
3333333333333333333333333333333333333333333333333333333333333
44
555555555555555555555555555555
666666666666666666666666666dvasdasdnfsadfhqklsdfhklsdfhklsdahfklsadjfklsdajflksadjflkasdjl
